<record><leader>00000cas a22000007a 4500</leader><controlfield tag="001">33938897</controlfield><controlfield tag="008">951218d196u1969akuwr ne      0    0eng d</controlfield><datafield ind1=" " ind2=" " tag="010"><subfield code="a">sn 95060077 </subfield></datafield><datafield ind1=" " ind2=" " tag="040"><subfield code="a">ANE</subfield><subfield code="b">eng</subfield><subfield code="c">ANE</subfield><subfield code="d">OCLCQ</subfield><subfield code="d">OCLCF</subfield><subfield code="d">OCLCO</subfield></datafield><datafield ind1="1" ind2=" " tag="029"><subfield code="a">AU@</subfield><subfield code="b">000025854812</subfield></datafield><datafield ind1=" " ind2=" " tag="042"><subfield code="a">msc</subfield></datafield><datafield ind1=" " ind2=" " tag="043"><subfield code="a">n-us-ak</subfield></datafield><datafield ind1="0" ind2="0" tag="245"><subfield code="a">Modern Daily Typing Association newsletter.</subfield></datafield><datafield ind1=" " ind2=" " tag="260"><subfield code="a">[Bethel, Alaska] :</subfield><subfield code="b">Irene Fredericks and Lillian Shavings</subfield></datafield><datafield ind1=" " ind2=" " tag="300"><subfield code="a">v.</subfield></datafield><datafield ind1=" " ind2=" " tag="310"><subfield code="a">Weekly</subfield></datafield><datafield ind1="1" ind2=" " tag="362"><subfield code="a">Ceased in 1969.</subfield></datafield><datafield ind1=" " ind2=" " tag="515"><subfield code="a">Lacks volume and issue numbering.</subfield></datafield><datafield ind1=" " ind2=" " tag="588"><subfield code="a">Description based on: May 9, 1969.</subfield></datafield><datafield ind1=" " ind2="0" tag="651"><subfield code="a">Bethel (Alaska)</subfield><subfield code="v">Newspapers.</subfield></datafield><datafield ind1=" " ind2="7" tag="655"><subfield code="a">Newspapers.</subfield><subfield code="2">fast</subfield><subfield code="0">(OCoLC)fst01423814</subfield></datafield><datafield ind1=" " ind2="7" tag="651"><subfield code="a">Alaska</subfield><subfield code="z">Bethel.</subfield><subfield code="2">fast</subfield><subfield code="0">(OCoLC)fst01217116</subfield></datafield><datafield ind1=" " ind2=" " tag="752"><subfield code="a">United States</subfield><subfield code="b">Alaska</subfield><subfield code="d">Bethel.</subfield></datafield><datafield ind1="0" ind2="0" tag="785"><subfield code="t">Kuskokwim kronicle</subfield><subfield code="w">(DLC)sn 95060076</subfield><subfield code="w">(OCoLC)33938898</subfield></datafield></record>